@misc{2factorperc,
 title = {74 Percent of Organizations Using Two-Factor Authentication Face User Complaints},
 url = {https://www.esecurityplanet.com/network-security/74-percent-of-organizations-using-two-factor-authentication-face-user-complaints.html},
 year = {2018}
}

@misc{passwordleak,
 title = {Collection of 1.4 Billion Plain-Text Leaked Passwords Found Circulating Online},
 url = {https://thehackernews.com/2017/12/data-breach-password-list.html},
 year = {2018}
}

@misc{textauthdata,
 title = {New Study: The One Big Security Trick People Arenâ€™t Using},
 url = {https://blog.lastpass.com/2016/08/new-study-the-one-big-security-trick-people-arent-using.html/},
 year = {2018}
}

@misc{tangerinpeel,
 title = {If something as simple as a tangerine peel can be used to unlock your phone, how secure is your fingerprint scanner?},
 url = {https://news.cgtn.com/news/78637a4e7a677a6333566d54/share_p.html},
 year = {2018}
}

https://news.cgtn.com/news/78637a4e7a677a6333566d54/share_p.html


@misc{august,
 title = {August Smart Home},
 url = {https://august.com/},
 year = {2018}
}

@misc{tplink,
 title = {TP-LINK Smart Home},
 url = {https://www.tp-link.com/us/home-networking/smart-home/},
 year = {2018}
}

@misc{wemo,
 title = {Wemo Smart Home},
 url = {http://www.belkin.com/us/Products/home-automation/c/wemo-home-automation/},
 year = {2018}
}

@misc{samrtthings,
 title = {Samsung SmartThings},
 url = {https://www.smartthings.com/},
 year = {2018}
}

@misc{iffft,
 title = {IFTTT},
 url = {https://ifttt.com/},
 year = {2018}
}

@misc{zapier,
 title = {Zapier},
 url = {https://zapier.com/},
 year = {2018}
}

@misc{flow,
 title = {Microsoft Flow},
 url = {https://flow.microsoft.com/en-us/},
 year = {2018}
}

@misc{xposed,
 title = {Android XPosed},
 url = {http://repo.xposed.info/},
 year = {2018}
}

@misc{frida,
 title = {Dynamic instrumentation toolkit for developers, reverse-engineers, and security researchers.},
 url = {https://www.frida.re/docs/home/},
 year = {2018}
}

@misc{virtualhook,
 title = {VirtualHook},
 url = {https://github.com/rk700/VirtualHook},
 year = {2018}
}

@misc{virtualapp,
 title = {VirtualApp},
 url = {https://github.com/asLody/VirtualApp},
 year = {2018}
}

@misc{yahfa,
 title = {Yet Another Hook Framework for ART},
 url = {https://github.com/rk700/YAHFA},
 year = {2018}
}

@misc{androiddev,
 title = {Documentation for app developers},
 url = {https://developer.android.com/docs/},
 year = {2018}
}

@misc{ndk,
 title = {Android NDK},
 url = {https://developer.android.com/ndk/},
 year = {2018}
}
@misc{retrofit,
 title = {Retrofit},
 url = {http://square.github.io/retrofit/},
 year = {2018}
}

@misc{sinvoice,
title = {SinVoice},
url= {http://www.sinvoice.com/},
year={2018}
}

@misc{alipay,
title ={Alipay},
url={https://www.alipay.com/},
year={2018}
}

@misc{nearbytes,
title={nearbytes},
url={http://www.nearbytes.com/site/en/},
year={2018}
}

@misc{tickets,
title={Tickets on Air},
url={https://vimeo.com/128199474},
year={2018}
}

@misc{accord,
title={Accord.NET Machine Learning Framework},
url={http://accord-framework.net/},
year={2018}
}

@misc{damping,
title={Damping of Air at High Frequencies},
url={http://www.sengpielaudio.com/calculator-air.htm},
year={1993}
}

@article{aung2013permission,
  title={Permission-based android malware detection},
  author={Aung, Zarni and Zaw, Win},
  journal={International Journal of Scientific \& Technology Research},
  volume={2},
  number={3},
  pages={228--234},
  year={2013}
}

@inproceedings{preuveneers2015smartauth,
  title={SmartAuth: dynamic context fingerprinting for continuous user authentication},
  author={Preuveneers, Davy and Joosen, Wouter},
  booktitle={Proceedings of the 30th Annual ACM Symposium on Applied Computing},
  pages={2185--2191},
  year={2015},
  organization={ACM}
}

@inproceedings{jia2017contexiot,
  title={ContexIoT: Towards providing contextual integrity to appified IoT platforms},
  author={Jia, Yunhan Jack and Chen, Qi Alfred and Wang, Shiqi and Rahmati, Amir and Fernandes, Earlence and Mao, Z Morley and Prakash, Atul and Unviersity, Shanghai JiaoTong},
  booktitle={Proceedings of The Network and Distributed System Security Symposium},
  volume={2017},
  year={2017}
}

@inproceedings{fernandes2018decentralized,
  title={Decentralized Action Integrity for Trigger-Action IoT Platforms},
  author={Fernandes, Earlence and Rahmati, Amir and Jung, Jaeyeon and Prakash, Atul},
  booktitle={Proc. Network and Distributed Systems Symposium (NDSS)},
  pages={18--21},
  year={2018}
}

@article{zhang2018smart,
  title={Smart Contract-Based Access Control for the Internet of Things},
  author={Zhang, Yuanyu and Kasahara, Shoji and Shen, Yulong and Jiang, Xiaohong and Wan, Jianxiong},
  journal={arXiv preprint arXiv:1802.04410},
  year={2018}
}

@article{ouaddah2016fairaccess,
  title={FairAccess: a new Blockchain-based access control framework for the Internet of Things},
  author={Ouaddah, Aafaf and Abou Elkalam, Anas and Ait Ouahman, Abdellah},
  journal={Security and Communication Networks},
  volume={9},
  number={18},
  pages={5943--5964},
  year={2016},
  publisher={Wiley Online Library}
}

@INPROCEEDINGS{fernandes2016emerging, 
author={E. Fernandes and J. Jung and A. Prakash}, 
booktitle={2016 IEEE Symposium on Security and Privacy (SP)}, 
title={Security Analysis of Emerging Smart Home Applications}, 
year={2016}, 
volume={}, 
number={}, 
pages={636-654}, 
keywords={home computing;program diagnostics;security of data;source code (software);Samsung-owned SmartThings;SmartApps;SmartThings event subsystem;door locks;fire alarms;in-depth empirical security analysis;motion sensors;privilege separation model;proof-of-concept attacks;proprietary closed-source cloud backend;smart home programming frameworks;static source code analysis;third party app development;Intelligent sensors;Programming;Protocols;Security;Smart homes;Smart phones}, 
doi={10.1109/SP.2016.44}, 
ISSN={}, 
month={May}
}

@inproceedings {tian2017smartauth,
author = {Yuan Tian and Nan Zhang and Yueh-Hsun Lin and XiaoFeng Wang and Blase Ur and Xianzheng Guo and Patrick Tague},
title = {SmartAuth: User-Centered Authorization for the Internet of Things},
booktitle = {26th {USENIX} Security Symposium ({USENIX} Security 17)},
year = {2017},
isbn = {978-1-931971-40-9},
address = {Vancouver, BC},
pages = {361--378},
url = {https://www.usenix.org/conference/usenixsecurity17/technical-sessions/presentation/tian},
publisher = {{USENIX} Association}
}

@article{mnih2015human,
  title={Human-level control through deep reinforcement learning},
  author={Mnih, Volodymyr and Kavukcuoglu, Koray and Silver, David and Rusu, Andrei A and Veness, Joel and Bellemare, Marc G and Graves, Alex and Riedmiller, Martin and Fidjeland, Andreas K and Ostrovski, Georg and others},
  journal={Nature},
  volume={518},
  number={7540},
  pages={529},
  year={2015},
  publisher={Nature Publishing Group}
}

@inproceedings{tokic2011value,
  title={Value-difference based exploration: adaptive control between epsilon-greedy and softmax},
  author={Tokic, Michel and Palm, G{\"u}nther},
  booktitle={Annual Conference on Artificial Intelligence},
  pages={335--346},
  year={2011},
  organization={Springer}
}

@inproceedings{nair2010rectified,
  title={Rectified linear units improve restricted boltzmann machines},
  author={Nair, Vinod and Hinton, Geoffrey E},
  booktitle={Proceedings of the 27th international conference on machine learning (ICML-10)},
  pages={807--814},
  year={2010}
}

@inproceedings{abadi2016tensorflow,
  title={Tensorflow: a system for large-scale machine learning.},
  author={Abadi, Mart{\'\i}n and Barham, Paul and Chen, Jianmin and Chen, Zhifeng and Davis, Andy and Dean, Jeffrey and Devin, Matthieu and Ghemawat, Sanjay and Irving, Geoffrey and Isard, Michael and others},
  booktitle={OSDI},
  volume={16},
  pages={265--283},
  year={2016}
}

@inproceedings{gelernter2017password,
  title={The password reset mitm attack},
  author={Gelernter, Nethanel and Kalma, Senia and Magnezi, Bar and Porcilan, Hen},
  booktitle={Security and Privacy (SP), 2017 IEEE Symposium on},
  pages={251--267},
  year={2017},
  organization={IEEE}
}

@inproceedings {karapanos2015soundproof,
author = {Nikolaos Karapanos and Claudio Marforio and Claudio Soriente and Srdjan Capkun},
title = {Sound-Proof: Usable Two-Factor Authentication Based on Ambient Sound},
booktitle = {24th {USENIX} Security Symposium ({USENIX} Security 15)},
year = {2015},
isbn = {978-1-931971-232},
address = {Washington, D.C.},
pages = {483--498},
url = {https://www.usenix.org/conference/usenixsecurity15/technical-sessions/presentation/karapanos},
publisher = {{USENIX} Association}
}

@inproceedings{shrestha2016sounds,
  title={The sounds of the phones: dangers of zero-effort second factor login based on ambient audio},
  author={Shrestha, Babins and Shirvanian, Maliheh and Shrestha, Prakash and Saxena, Nitesh},
  booktitle={Proceedings of the 2016 ACM SIGSAC Conference on Computer and Communications Security},
  pages={908--919},
  year={2016},
  organization={ACM}
}

@article{zhou2018invisible,
  title={Invisible Mask: Practical Attacks on Face Recognition with Infrared},
  author={Zhou, Zhe and Tang, Di and Wang, Xiaofeng and Han, Weili and Liu, Xiangyu and Zhang, Kehuan},
  journal={arXiv preprint arXiv:1803.04683},
  year={2018}
}

@inproceedings{zhang2017dolphinattack,
  title={DolphinAttack: Inaudible voice commands},
  author={Zhang, Guoming and Yan, Chen and Ji, Xiaoyu and Zhang, Tianchen and Zhang, Taimin and Xu, Wenyuan},
  booktitle={Proceedings of the 2017 ACM SIGSAC Conference on Computer and Communications Security},
  pages={103--117},
  year={2017},
  organization={ACM}
}

@INPROCEEDINGS{faceauth, 
author={M. A. Dabbah and W. L. Woo and S. S. Dlay}, 
booktitle={2007 IEEE Symposium on Computational Intelligence in Image and Signal Processing}, 
title={Secure Authentication for Face Recognition}, 
year={2007}, 
volume={}, 
number={}, 
pages={121-126}, 
keywords={Hadamard matrices;biometrics (access control);covariance matrices;face recognition;feature extraction;principal component analysis;security of data;2DPCA algorithm;Hadamard product;cancellable biometric;cooccurrence matrices;covariance matrices;face biometric;feature vector;image-based face recognition;polynomial functions;secure authentication;statistical face recognition;Authentication;Bioinformatics;Biometrics;Face recognition;Filters;Humans;Image recognition;Polynomials;Protection;Signal processing algorithms}, 
doi={10.1109/CIISP.2007.369304}, 
ISSN={}, 
month={April}
}

@misc{marley1988system,
  title={System and method for sound recognition with feature selection synchronized to voice pitch},
  author={Marley, John},
  year={1988},
  month=nov # "~8",
  publisher={Google Patents},
  note={US Patent 4,783,807}
}

@inproceedings{song2017multi,
  title={Multi-touch authentication using hand geometry and behavioral information},
  author={Song, Yunpeng and Cai, Zhongmin and Zhang, Zhi-Li},
  booktitle={Security and Privacy (SP), 2017 IEEE Symposium on},
  pages={357--372},
  year={2017},
  organization={IEEE}
}

@inproceedings{Uluagac2013A,
  title={A passive technique for fingerprinting wireless devices with Wired-side Observations},
  author={Uluagac, A. Selcuk and Radhakrishnan, Sakthi V. and Corbett, Cherita and Baca, Antony and Beyah, Raheem},
  booktitle={Communications and Network Security},
  pages={305-313},
  year={2013},
}

@article{Vitello2006A,
  title={A Ring Tone Meant to Fall on Deaf Ears},
  author={Vitello, Paul and Hammer, Kate and Schweber, Nate and çºªå®¶ä¸¾},
  journal={å½“ä»£å¤–è¯­ç ”ç©¶},
  number={8},
  year={2006},
}

@inproceedings{Deshotels2014Inaudible,
  title={Inaudible sound as a covert channel in mobile devices},
  author={Deshotels, Luke},
  booktitle={Usenix Conference on Offensive Technologies},
  pages={16-16},
  year={2014},
}

@misc{shen2018usable,
  title={Usable security of online password management with sensor-based authentication},
  author={Shen, Guobin and Yang, Fan and Zhou, Lidong},
  year={2018},
  month=jan # "~2",
  publisher={Google Patents},
  note={US Patent 9,858,402}
}

@inproceedings{lee2016implicit,
  title={Implicit sensor-based authentication of smartphone users with smartwatch},
  author={Lee, Wei-Han and Lee, Ruby},
  booktitle={Proceedings of the Hardware and Architectural Support for Security and Privacy 2016},
  pages={9},
  year={2016},
  organization={ACM}
}

@article{hoang2015gait,
  title={Gait authentication on mobile phone using biometric cryptosystem and fuzzy commitment scheme},
  author={Hoang, Thang and Choi, Deokjai and Nguyen, Thuc},
  journal={International Journal of Information Security},
  volume={14},
  number={6},
  pages={549--560},
  year={2015},
  publisher={Springer}
}

@article{kayacik2014data,
  title={Data driven authentication: On the effectiveness of user behaviour modelling with mobile device sensors},
  author={Kayacik, Hilmi Gunes and Just, Mike and Baillie, Lynne and Aspinall, David and Micallef, Nicholas},
  journal={arXiv preprint arXiv:1410.7743},
  year={2014}
}

@inproceedings{lee2015multi,
  title={Multi-sensor authentication to improve smartphone security},
  author={Lee, Wei-Han and Lee, Ruby B},
  booktitle={Information Systems Security and Privacy (ICISSP), 2015 International Conference on},
  pages={1--11},
  year={2015},
  organization={IEEE}
}

@article{shen2018performance,
  title={Performance analysis of multi-motion sensor behavior for active smartphone authentication},
  author={Shen, Chao and Li, Yuanxun and Chen, Yufei and Guan, Xiaohong and Maxion, Roy A},
  journal={IEEE Transactions on Information Forensics and Security},
  volume={13},
  number={1},
  pages={48--62},
  year={2018},
  publisher={IEEE}
}

@misc{li2018sensor,
  title={Sensor-based authentication},
  author={Li, Jing and Ma, Jie and Mei, Li Jun and Wang, Jian},
  year={2018},
  month=may # "~3",
  publisher={Google Patents},
  note={US Patent App. 15/340,373}
}
